<record xmlns="http://www.loc.gov/MARC21/slim" xmlns:xsi="http://www.w3.org/2001/XMLSchema-instance" xsi:schemaLocation="http://www.loc.gov/MARC21/slim http://www.loc.gov/standards/marcxml/schema/MARC21slim.xsd">

  <leader>00789nam a2200229Ia 4500</leader>
  <datafield ind2=" " ind1=" " tag="999">
    <subfield code="c">1447</subfield>
    <subfield code="d">1447</subfield>
  </datafield>
  <controlfield tag="008">171023b2007    cr ||||| |||| 00| | spa d</controlfield>
  <datafield ind1=" " tag="090" ind2=" ">
    <subfield code="a">06.02.01  </subfield>
    <subfield code="b">1510</subfield>
  </datafield>
  <datafield ind2=" " ind1="1" tag="100">
    <subfield code="a">Chavarría González, María Celina</subfield>
    <subfield code="9">200</subfield>
  </datafield>
  <datafield ind1="1" tag="245" ind2="0">
    <subfield code="a">Problematización en torno a una educación inicial holística y crítica: compromisos, retos  y vivencias / </subfield>
    <subfield code="c">María Celina Chavarría González</subfield>
  </datafield>
  <datafield ind2=" " ind1=" " tag="260">
    <subfield code="a">San José, Costa Rica: </subfield>
    <subfield code="b">Instituto de Investigaciones Psicológicas, </subfield>
    <subfield code="c">2007</subfield>
  </datafield>
  <datafield ind2=" " ind1=" " tag="300">
    <subfield code="a">165 páginas</subfield>
  </datafield>
  <datafield tag="650" ind1="1" ind2="4">
    <subfield code="a">EDUCACIÓN</subfield>
    <subfield code="9">1</subfield>
  </datafield>
  <datafield ind2="4" tag="650" ind1="1">
    <subfield code="a">ESTABLECIMIENTOS DE ENSEÑANZA</subfield>
    <subfield code="9">1519</subfield>
  </datafield>
  <datafield ind2="4" tag="650" ind1="1">
    <subfield code="a">NIÑOS</subfield>
    <subfield code="9">59</subfield>
  </datafield>
  <datafield ind2="4" tag="650" ind1="1">
    <subfield code="a">NIÑAS</subfield>
    <subfield code="9">60</subfield>
  </datafield>
  <datafield ind2="4" ind1="1" tag="650">
    <subfield code="a">PERSONALIDAD</subfield>
    <subfield code="9">1790</subfield>
  </datafield>
  <datafield ind2="4" tag="650" ind1="1">
    <subfield code="a">SOCIEDAD </subfield>
    <subfield code="9">396</subfield>
  </datafield>
  <datafield ind2=" " tag="700" ind1="1">
    <subfield code="a">Orozco Castro, Cynthia</subfield>
    <subfield code="9">3241</subfield>
  </datafield>
  <datafield tag="700" ind1="1" ind2=" ">
    <subfield code="a">Ovares Gutiérrez, Mabel</subfield>
    <subfield code="9">2690</subfield>
  </datafield>
  <datafield tag="700" ind1="1" ind2=" ">
    <subfield code="a">Obando Obando, María del Milagro</subfield>
    <subfield code="9">3242</subfield>
  </datafield>
  <datafield tag="700" ind1="1" ind2=" ">
    <subfield code="a"> Rivera Vargas, Marina</subfield>
    <subfield code="9">3243</subfield>
  </datafield>
  <datafield ind2=" " tag="942" ind1=" ">
    <subfield code="2">z</subfield>
    <subfield code="c">01</subfield>
  </datafield>
</record>